<?xml version="1.0" encoding="UTF-8"?>
<SOAP-ENV:Envelope xmlns:SOAP-ENV="http://schemas.xmlsoap.org/soap/envelope/" xmlns:ns1="http://oss.dbc.dk/ns/openformat" xmlns:os="http://oss.dbc.dk/ns/opensearch" xmlns:dc="http://purl.org/dc/elements/1.1/" xmlns:dkabm="http://biblstandard.dk/abm/namespace/dkabm/" xmlns:ISO639-2="http://lcweb.loc.gov/standards/iso639-2/" xmlns:dcmitype="http://purl.org/dc/dcmitype/" xmlns:dcterms="http://purl.org/dc/terms/" xmlns:ac="http://biblstandard.dk/ac/namespace/" xmlns:dkdcplus="http://biblstandard.dk/abm/namespace/dkdcplus/" xmlns:oss="http://oss.dbc.dk/ns/osstypes" xmlns:marcx="info:lc/xmlns/marcxchange-v1" xmlns:xsi="http://www.w3.org/2001/XMLSchema-instance">
  <SOAP-ENV:Body>
    <ns1:formatRequest>
      <ns1:originalData>
        <os:collection>
          <os:resultPosition>1</os:resultPosition>
          <os:numberOfObjects>1</os:numberOfObjects>
          <os:object>
            <dkabm:record>
              <ac:identifier>50841251|870970</ac:identifier>
              <dc:identifier xsi:type="dkdcplus:ISBN">9788762721272</dc:identifier>
              <ac:source>Bibliotekskatalog</ac:source>
              <dc:source>Baba Yaga the flying witch</dc:source>
              <dc:title>Baba Yaga - den flyvende heks</dc:title>
              <dc:title xsi:type="dkdcplus:full">Baba Yaga - den flyvende heks</dc:title>
              <dc:title xsi:type="dkdcplus:series">Flachs - første læsning</dc:title>
              <dc:creator xsi:type="dkdcplus:dkbea">Susanna Davidson</dc:creator>
              <dc:creator xsi:type="oss:sort">Davidson, Susanna</dc:creator>
              <dc:subject xsi:type="dkdcplus:DK5-Text">Skønlitteratur</dc:subject>
              <dc:subject xsi:type="dkdcplus:DBCN">for begynderlæsere</dc:subject>
              <dc:subject xsi:type="dkdcplus:DBCN">let at læse</dc:subject>
              <dc:subject xsi:type="dkdcplus:DK5">sk</dc:subject>
              <dcterms:audience>børnematerialer</dcterms:audience>
              <dc:publisher>Flachs</dc:publisher>
              <dc:contributor xsi:type="dkdcplus:dkbea">Susanna Davidson</dc:contributor>
              <dc:contributor xsi:type="dkdcplus:ill">Sara Rojo</dc:contributor>
              <dc:contributor xsi:type="dkdcplus:trl">Anette Hellemann</dc:contributor>
              <dc:date>2014</dc:date>
              <dc:type xsi:type="dkdcplus:BibDK-Type">Bog</dc:type>
              <dc:format>illustreret i farver</dc:format>
              <dcterms:extent>48 sider</dcterms:extent>
              <dc:language xsi:type="dcterms:ISO639-2">dan</dc:language>
              <dc:language>Dansk</dc:language>
            </dkabm:record>
            <marcx:collection>
              <marcx:record format="danMARC2" type="Bibliographic">
                <marcx:leader>00000n    2200000   4500</marcx:leader>
                <marcx:datafield ind1="0" ind2="0" tag="001">
                  <marcx:subfield code="a">50841251</marcx:subfield>
                  <marcx:subfield code="b">870970</marcx:subfield>
                  <marcx:subfield code="c">20140206093622</marcx:subfield>
                  <marcx:subfield code="d">20131203</marcx:subfield>
                  <marcx:subfield code="f">a</marcx:subfield>
                </marcx:datafield>
                <marcx:datafield ind1="0" ind2="0" tag="004">
                  <marcx:subfield code="r">n</marcx:subfield>
                  <marcx:subfield code="a">e</marcx:subfield>
                </marcx:datafield>
                <marcx:datafield ind1="0" ind2="0" tag="008">
                  <marcx:subfield code="t">m</marcx:subfield>
                  <marcx:subfield code="u">f</marcx:subfield>
                  <marcx:subfield code="a">2014</marcx:subfield>
                  <marcx:subfield code="b">dk</marcx:subfield>
                  <marcx:subfield code="d">å</marcx:subfield>
                  <marcx:subfield code="d">x</marcx:subfield>
                  <marcx:subfield code="j">f</marcx:subfield>
                  <marcx:subfield code="l">dan</marcx:subfield>
                  <marcx:subfield code="o">b</marcx:subfield>
                  <marcx:subfield code="v">0</marcx:subfield>
                </marcx:datafield>
                <marcx:datafield ind1="0" ind2="0" tag="009">
                  <marcx:subfield code="a">a</marcx:subfield>
                  <marcx:subfield code="g">xx</marcx:subfield>
                </marcx:datafield>
                <marcx:datafield ind1="0" ind2="0" tag="021">
                  <marcx:subfield code="e">9788762721272</marcx:subfield>
                  <marcx:subfield code="c">ib.</marcx:subfield>
                </marcx:datafield>
                <marcx:datafield ind1="0" ind2="0" tag="032">
                  <marcx:subfield code="x">ACC201349</marcx:subfield>
                  <marcx:subfield code="a">DBF201401</marcx:subfield>
                  <marcx:subfield code="x">BKM201401</marcx:subfield>
                </marcx:datafield>
                <marcx:datafield ind1="0" ind2="0" tag="041">
                  <marcx:subfield code="a">dan</marcx:subfield>
                  <marcx:subfield code="c">eng</marcx:subfield>
                </marcx:datafield>
                <marcx:datafield ind1="0" ind2="0" tag="042">
                  <marcx:subfield code="a">11</marcx:subfield>
                  <marcx:subfield code="b">Ml 7,7 + Lo 2,8</marcx:subfield>
                </marcx:datafield>
                <marcx:datafield ind1="0" ind2="0" tag="042">
                  <marcx:subfield code="c">17</marcx:subfield>
                </marcx:datafield>
                <marcx:datafield ind1="0" ind2="0" tag="100">
                  <marcx:subfield code="5">870979</marcx:subfield>
                  <marcx:subfield code="6">68243882</marcx:subfield>
                  <marcx:subfield code="4">dkbea</marcx:subfield>
                  <marcx:subfield code="0"/>
                  <marcx:subfield code="a">Davidson</marcx:subfield>
                  <marcx:subfield code="h">Susanna</marcx:subfield>
                </marcx:datafield>
                <marcx:datafield ind1="0" ind2="0" tag="241">
                  <marcx:subfield code="a">Baba Yaga the flying witch</marcx:subfield>
                </marcx:datafield>
                <marcx:datafield ind1="0" ind2="0" tag="245">
                  <marcx:subfield code="a">Baba Yaga - den flyvende heks</marcx:subfield>
                </marcx:datafield>
                <marcx:datafield ind1="0" ind2="0" tag="260">
                  <marcx:subfield code="&amp;">1</marcx:subfield>
                  <marcx:subfield code="a">Holte</marcx:subfield>
                  <marcx:subfield code="b">Flachs</marcx:subfield>
                  <marcx:subfield code="c">2014</marcx:subfield>
                </marcx:datafield>
                <marcx:datafield ind1="0" ind2="0" tag="300">
                  <marcx:subfield code="a">48 sider</marcx:subfield>
                  <marcx:subfield code="b">ill. i farver</marcx:subfield>
                </marcx:datafield>
                <marcx:datafield ind1="0" ind2="0" tag="440">
                  <marcx:subfield code="0"/>
                  <marcx:subfield code="a">Flachs - første læsning</marcx:subfield>
                </marcx:datafield>
                <marcx:datafield ind1="0" ind2="0" tag="520">
                  <marcx:subfield code="&amp;">1</marcx:subfield>
                  <marcx:subfield code="a">Originaludgave: 2007</marcx:subfield>
                </marcx:datafield>
                <marcx:datafield ind1="0" ind2="0" tag="521">
                  <marcx:subfield code="b">1. oplag</marcx:subfield>
                  <marcx:subfield code="c">2014</marcx:subfield>
                  <marcx:subfield code="k">tr. i udl.</marcx:subfield>
                </marcx:datafield>
                <marcx:datafield ind1="0" ind2="0" tag="652">
                  <marcx:subfield code="n">83</marcx:subfield>
                  <marcx:subfield code="z">296</marcx:subfield>
                </marcx:datafield>
                <marcx:datafield ind1="0" ind2="0" tag="652">
                  <marcx:subfield code="o">sk</marcx:subfield>
                </marcx:datafield>
                <marcx:datafield ind1="0" ind2="0" tag="666">
                  <marcx:subfield code="0"/>
                  <marcx:subfield code="u">let at læse</marcx:subfield>
                </marcx:datafield>
                <marcx:datafield ind1="0" ind2="0" tag="666">
                  <marcx:subfield code="0"/>
                  <marcx:subfield code="u">for begynderlæsere</marcx:subfield>
                </marcx:datafield>
                <marcx:datafield ind1="0" ind2="0" tag="700">
                  <marcx:subfield code="5">870979</marcx:subfield>
                  <marcx:subfield code="6">68878128</marcx:subfield>
                  <marcx:subfield code="4">ill</marcx:subfield>
                  <marcx:subfield code="0"/>
                  <marcx:subfield code="a">Rojo</marcx:subfield>
                  <marcx:subfield code="h">Sara</marcx:subfield>
                </marcx:datafield>
                <marcx:datafield ind1="0" ind2="0" tag="720">
                  <marcx:subfield code="o">Anette Hellemann</marcx:subfield>
                  <marcx:subfield code="4">trl</marcx:subfield>
                </marcx:datafield>
                <marcx:datafield ind1="0" ind2="0" tag="990">
                  <marcx:subfield code="o">201401</marcx:subfield>
                  <marcx:subfield code="b">l</marcx:subfield>
                  <marcx:subfield code="b">b</marcx:subfield>
                  <marcx:subfield code="b">s</marcx:subfield>
                  <marcx:subfield code="u">nt</marcx:subfield>
                </marcx:datafield>
                <marcx:datafield ind1="0" ind2="0" tag="996">
                  <marcx:subfield code="a">DBC</marcx:subfield>
                </marcx:datafield>
              </marcx:record>
            </marcx:collection>
            <os:identifier>870970-basis:50841251</os:identifier>
            <os:creationDate>2013-12-03</os:creationDate>
            <os:holdingsCount>66</os:holdingsCount>
            <os:lendingLibraries>65</os:lendingLibraries>
            <os:relations>
              <os:relation>
                <os:relationType>dbcaddi:hasReview</os:relationType>
                <os:relationUri>870976-anmeld:31110718</os:relationUri>
              </os:relation>
            </os:relations>
            <os:formatsAvailable>
              <os:format>dkabm</os:format>
              <os:format>marcxchange</os:format>
            </os:formatsAvailable>
          </os:object>
        </os:collection>
      </ns1:originalData>
      <ns1:outputFormat>PLACEHOLDER</ns1:outputFormat>
      <ns1:trackingId>bog_baba_yaga_dkbea.xml.PLACEHOLDER</ns1:trackingId>
    </ns1:formatRequest>
  </SOAP-ENV:Body>
</SOAP-ENV:Envelope>
